@inproceedings{Lajewska:2023:ECIR,
  author =    {Weronika ≈Åajewska and Krisztian Balog},
  title =     {From Baseline to Top Performer: A Reproducibility Study of Approaches at the TREC 2021 Conversational Assistance Track},
  booktitle = {European Conference on Information Retrieval},
  series =    {ECIR '23},
  pages =     {177--191},
  year =      {2023},
  doi =       {10.1007/978-3-031-28241-6_12},
  publisher = {Springer}
}

@article{raffel2020exploring,
  title={Exploring the limits of transfer learning with a unified text-to-text transformer},
  author={Raffel, Colin and Shazeer, Noam and Roberts, Adam and Lee, Katherine and Narang, Sharan and Matena, Michael and Zhou, Yanqi and Li, Wei and Liu, Peter J},
  journal={The Journal of Machine Learning Research},
  volume={21},
  number={1},
  pages={5485--5551},
  year={2020},
  publisher={JMLRORG}
}

@article{nogueira2019document,
  title={Document expansion by query prediction},
  author={Nogueira, Rodrigo and Yang, Wei and Lin, Jimmy and Cho, Kyunghyun},
  journal={arXiv preprint arXiv:1904.08375},
  year={2019}
}

@article{nogueira2019doc2query,
  title={From doc2query to docTTTTTquery},
  author={Nogueira, Rodrigo and Lin, Jimmy and Epistemic, AI},
  journal={Online preprint},
  volume={6},
  pages={2},
  year={2019}
}

@article{pradeep2021expando,
  title={The expando-mono-duo design pattern for text ranking with pretrained sequence-to-sequence models},
  author={Pradeep, Ronak and Nogueira, Rodrigo and Lin, Jimmy},
  journal={arXiv preprint arXiv:2101.05667},
  year={2021}
}

%mono
@article{nogueira2020document,
  title={Document ranking with a pretrained sequence-to-sequence model},
  author={Nogueira, Rodrigo and Jiang, Zhiying and Lin, Jimmy},
  journal={arXiv preprint arXiv:2003.06713},
  year={2020}
}

%duo
@article{nogueira2019multi,
  title={Multi-stage document ranking with BERT},
  author={Nogueira, Rodrigo and Yang, Wei and Cho, Kyunghyun and Lin, Jimmy},
  journal={arXiv preprint arXiv:1910.14424},
  year={2019}
}
